2675 3992
417 177 507 243 64
1297 179 1562 235 PLAVTI
1711 177 2099 235 Pr01.⁵e-as.
2138 181 2164 234 1
2186 186 2236 249 1,
2258 186 2430 235 1-11

413 340 642 424 Neque
688 339 1033 425 spurcidici
1076 339 1298 404 insunt
1343 341 1571 404 uersus
1616 338 2182 406 immemorebiles:

381 461 385 465 ·
414 427 540 493 Hic
583 430 791 512 neque
835 427 1132 513 periurus
1175 428 1390 493 lenost
1432 449 1550 491 neo
1593 426 1900 492 meretrix
1943 428 2113 492 mala

413 516 640 600 Neque
685 515 871 581 miles
917 516 1237 602 gloriesus
1284 518 1506 597 [esse]:
1550 536 1633 579 ne
1678 516 2045 600 uereemini,

416 603 578 680 Quia
622 604 867 668 bellum
909 603 1163 669 Aetolis
1205 605 1427 686 (esse)
1473 602 1608 667 dixi
1655 625 1801 668 oum
1844 587 2052 670 Aleis:

414 690 599 756 Foris
643 691 778 756 illio
825 696 1007 756 extra
1052 695 1345 757 scaenam
1388 692 1547 756 fient
1592 691 1853 775 proelia.
2360 710 2431 759 oo

415 778 481 844 N
481 802 585 844 am
627 780 752 845 hoo
795 784 999 864 paene
1044 780 1415 863 iniquomst,
1459 780 1702 845 oemioo
1751 780 2054 867 eboregio

418 867 649 932 Coneri
695 868 992 933 desubito
1039 870 1229 954 egere
1272 889 1392 932 nos
1437 867 1853 953 tragoediam.

415 954 615 1020 Proin
658 957 861 1041 siquis
905 978 1192 1042 pugnam
1239 957 1573 1039 exspectat
1617 955 1753 1020 litis
1800 956 2163 1021 centrahat:

419 1042 855 1109 Valentiorem
897 1046 1124 1108 neotus
1168 1043 1609 1109 aduorserium

417 1131 486 1197 Si
533 1132 682 1217 erit,
737 1154 857 1218 ego
902 1131 1134 1196 faciam
1182 1136 1256 1196 ut
1301 1137 1592 1218 pugnam
1633 1132 1953 1216 inspectet
1996 1135 2131 1198 n6n
2174 1132 2430 1216 bonam,

414 1219 597 1285 Adeo
642 1225 716 1284 iit
762 1223 1050 1303 spectare
1095 1223 1324 1304 pestea
1370 1220 1577 1285 omnis
1624 1220 1847 1285 ederit.
2361 1240 2428 1289 66

134 1332 139 1337 ·
416 1307 620 1373 Abee.
710 1307 938 1391 ualete,
981 1307 1222 1373 iudices
1266 1308 1641 1393 iustissumi,
1950 1351 1954 1355 .

102 1394 616 1461 ιικ...»»..,,.εᾱιω«ι’··“”’“’1)(ηῑιὶ
656 1395 979 1480 duellique
1025 1396 1418 1462 duellatores.
1456 1397 1725 1481 eptumi.

1211 1646 1635 1655 —————-

1133 1854 1587 1930 AOTVS
1650 1854 1695 1929 Ι

1182 2020 1670 2079 ERGASILVS

1220 2114 1620 2171 PARASITVS

417 2240 730 2306 quentus
772 2263 1007 2306 nomen
1051 2240 1285 2306 indidit
1330 2240 1557 2308 Soorte
1601 2240 1779 2326 mihi,
1905 2244 1908 2246 ’

419 2329 516 2394 Eo
565 2329 716 2414 quia
760 2329 1096 2395 inuocatus
1142 2330 1318 2395 seleo
1366 2353 1504 2395 esse
1548 2330 1619 2394 in
1664 2328 1979 2395 conuiuio.
2364 2348 2432 2397 70

421 2418 566 2484 Soio
614 2417 889 2482 absurde
937 2419 1179 2484 dietum
1221 2418 1346 2484 hoo
1392 2418 1703 2482 derisores
1748 2417 1973 2499 dicere,

418 2505 510 2570 At
556 2528 676 2592 ego
723 2505 825 2570 eio
870 2510 1067 2571 reete:
1111 2508 1263 2570 nem
1306 2506 1623 2569 †soortum
1666 2505 1736 2568 in
1780 2503 2077 2570 conuiuio

420 2593 562 2659 Sibi
608 2595 856 2658 ametor
899 2593 1065 2658 talos
1113 2596 1307 2676 quem
1352 2593 1505 2657 iacit
1551 2596 1834 2656 scortum
1876 2592 2153 2656 inuocat.

420 2680 620 2745 Estne
664 2681 1038 2745 inuocatum
1081 2681 1454 2763 <so6rtum>
1501 2702 1585 2743 an
1626 2679 1799 2744 non?
1844 2679 2253 2763 planissume.

419 2768 664 2833 Verum
706 2768 919 2832 hercle
964 2790 1118 2832 uero
1163 2771 1284 2832 nes
1328 2767 1597 2852 parasiti
1642 2767 1917 2851 planius,
2364 2787 2432 2836 ‘15

422 2856 595 2933 Quos
638 2861 988 2939 numquam
1035 2855 1374 2940 quisquam
1416 2858 1624 2940 neque
1669 2860 1858 2920 uocat
1902 2878 2111 2940 neque
2154 2856 2431 2923 inuocat.

421 2944 646 3030 (Quasi
691 2950 904 3009 mures
950 2966 1204 3030 semper
1249 2944 1496 3009 edimus
1542 2942 1819 3008 alienum
1866 2942 2131 3031 eibum.)

306 3083 314 3092 .
421 3032 555 3098 Vbi
601 3035 704 3097 res
749 3032 1037 3116 prolatae
1084 3037 1252 3117 sunt,
1300 3055 1495 3117 quom
1539 3054 1649 3097 rus
1690 3031 2000 3107 homines,
2033 3038 2203 3118 eunt,

422 3120 628 3186 Simul
673 3120 960 3205 prolatae
1005 3123 1108 3186 res
1155 3125 1305 3186 sunt
1349 3121 1589 3185 nostris
1634 3120 1951 3185 dentibus,

564 3317 651 3367 58.
687 3313 774 3367 del
807 3312 914 3378 13²,
952 3312 1042 3384 Py
1066 3315 1086 3382 ΙΙ
1114 3318 1199 3368 59.
1236 3314 1352 3368 add
1384 3312 1492 3381 B2,
1528 3312 1619 3384 Py
1644 3315 1664 3382 11
1690 3318 1775 3367 62.
1814 3310 2202 3366 desubitontos
2239 3325 2434 3381 agere:

424 3381 685 3437 desubito
720 3399 822 3437 nos
858 3382 967 3450 ΒΞ,
1002 3384 1117 3438 brai
1150 3383 1240 3438 Bo
1265 3387 1285 3453 ΙΙ
1313 3389 1397 3438 68.
1434 3383 1707 3452 bellique:
1749 3400 1872 3439 corr
1905 3382 2082 3437 Lamb
2117 3383 2137 3450 ΙΙ
2174 3388 2259 3435 72.
2296 3380 2436 3437 clioz

421 3453 651 3595 Ξὲἷνωθῖιι
676 3457 695 3524 ΙΙ
724 3460 807 3510 74.
843 3455 958 3510 add
983 3455 1132 3510 Bent
1157 3457 1176 3523 ΙΙ
1204 3459 1289 3510 75.
1317 3470 1533 3509 uerum:
1571 3472 1692 3510 corr
1726 3454 1935 3510 Parenos
1959 3456 1981 3525 Π
2008 3459 2091 3507 77.
2126 3454 2231 3508 secl
2264 3451 2438 3523 Spen-
