2675 3992
231 247 1041 317 1111‚35-37.2,1-14.3,1.2
1099 247 1384 303 CAPTIVI
1603 250 1612 257 ’
2160 247 2246 311 83

231 407 378 473 Meo
425 398 744 474 arbitratu
791 408 960 493 dent,
1007 430 1201 493 quom
1247 430 1392 473 cara
1438 411 1688 491 annona
1733 408 1833 473 sit.
1908 407 2000 474 sic
2036 410 2245 494 egero,

229 495 422 562 Nunc
467 496 578 561 ibo
626 496 708 560 ad
750 500 1012 581 portum
1054 496 1221 605 hinc.
1313 499 1412 561 est
1456 497 1591 561 illic
1635 497 1725 561 mi
1769 501 1898 561 una
1947 518 2096 581 spes
2151 517 2246 560 ce·

232 671 302 737 Si
329 674 406 737 ea
434 671 770 757 decolabst,
807 672 1030 736 redibo
1057 588 1539 737 lllgglacdsenem
1570 671 1652 736 ad
1678 694 1899 737 cenam
1935 600 2245 757 aspergi&

1098 909 1374 965 ΗΕΘ-10

1120 1002 1362 1056 SENEX

205 1110 400 1188 -Quid
443 1113 541 1176 est
586 1110 845 1176 suauius
892 1132 1084 1195 quam
1120 1110 1284 1174 bene
1318 1132 1457 1174 rem
1492 1130 1714 1196 gerere
1752 1110 1924 1175 bono
1961 1109 2244 1195 publico,

1077 1197 1243 1262 sicut
1280 1219 1402 1282 ego
1439 1197 1562 1262 feci
1602 1197 1761 1283 heri,
1852 1214 1972 1263 498.
1994 1214 2119 1264 499.
2139 1215 2244 1262 500

230 1285 437 1364 Quom
482 1286 608 1351 emi
654 1286 845 1350 hosce
891 1285 1227 1350 homines?
1289 1285 1406 1350 ubi
1461 1285 1728 1370 quisque
1785 1285 2033 1370 uident,
2089 1289 2244 1349 eunt

1074 1373 1335 1438 obuiam

230 1462 778 1546 Gratulanturque
824 1482 964 1525 eam
1007 1483 1159 1526 rem.
1250 1461 1344 1525 ita
1395 1483 1497 1525 me
1540 1461 1846 1526 miserum
1890 1461 2241 1527 restitando

226 1549 716 1634 Retinendoque
760 1549 1001 1614 lassum
1044 1549 1481 1614 reddiderunt:

228 1637 359 1703 Vix
406 1660 485 1702 ex
530 1637 910 1723 gratulando
955 1637 1150 1702 miser
1193 1637 1322 1701 iam
1368 1637 1743 1702 eminebam.

228 1726 511 1791 Tandem
556 1726 689 1791 abii
735 1727 815 1789 ad
858 1730 1238 1809 praetorem.
1327 1725 1424 1790 ibi
1470 1726 1582 1790 uix
1627 1725 1932 1811 requieui‚
2133 1741 2236 1791 505

224 1814 412 1901 Rogo
451 1814 918 1900 syngraphum:
955 1814 1142 1878 datur
1176 1813 1338 1878 mihi
1373 1813 1549 1879 ilico:
1596 1814 1739 1878 dedi
1766 1814 2089 1899 Tyndaro:
2128 1812 2239 1877 ille

1070 1901 1234 1966 abiit
1281 1903 1557 1966 domum.
1961 1917 2235 1967 ·506.5o‘1

224 1989 380 2055 Inde
404 1990 553 2054 ilico
578 1993 871 2054 reuortor
895 1989 1170 2072 domum,
1196 1993 1542 2072 postquam
1567 1988 1635 2052 id
1665 1991 1956 2052 actumst.
2003 2004 2236 2055 508.509

226 2077 326 2142 Eo
371 2077 667 2161 protinus
712 2077 794 2139 ad
837 2076 1101 2140 fratrem
1144 2075 1291 2139 inde
1334 2075 1554 2160 [abii]‚
1598 2075 1725 2138 mei
1770 2075 1888 2139 ubi
1933 2078 2084 2140 sunt
2128 2076 2239 2140 alii

1069 2162 1341 2247 captiui:
2132 2179 2236 2230 510

226 2252 414 2339 Rogo
460 2250 894 2315 Philocratem
939 2273 1018 2315 ex
1061 2249 1250 2314 Alide
1296 2249 1514 2335 ecquis
1560 2250 1846 2315 omnium

222 2339 515 2406 Nouerit.
597 2338 856 2403 tandem
899 2338 1006 2402 hic
1051 2338 1364 2403 exclamat
1409 2360 1555 2402 eum
1600 2338 1728 2403 sibi
1764 2360 1901 2403 esse
1940 2339 2236 2404 sodalem.

224 2428 386 2493 Dico
417 2450 563 2492 eum
591 2448 729 2492 esse
767 2427 939 2511 apud
974 2448 1101 2490 me:
1138 2426 1244 2490 hic
1272 2427 1598 2511 extemplo
1627 2429 1768 2491 orat
1802 2426 2238 2511 obsecratque,
2336 2486 2340 2491 .

223 2517 393 2582 Eum
448 2514 576 2581 sibi
629 2519 702 2580 ut
746 2515 936 2580 liceat
993 2513 1227 2580 uidere.
1317 2514 1476 2580 iussi
1535 2515 1683 2579 ilico
1740 2513 1912 2579 hunc
1972 2515 2235 2580 exsolui.

1067 2625 1238 2667 nunc
1282 2607 1356 2668 tu
1404 2625 1666 2687 sequere
1711 2625 1832 2685 me,
2130 2620 2236 2670 514

222 2691 314 2757 Vt
333 2692 503 2776 quod
521 2714 622 2756 me
643 2690 909 2756 orauisti
932 2690 1256 2775 impetres,
1276 2713 1423 2755 eum
1440 2691 1767 2756 hominem
1784 2694 1859 2754 ut
1878 2691 2235 2757 conuenias.

993 2946 1456 3003 'l'YE'DAB-VS

1090 3038 1367 3094 SERVOS

219 3147 408 3214 Nunc
434 3145 599 3210 sslud
616 3149 731 3230 est,
760 3167 953 3229 quom
972 3149 1075 3211 me
1093 3140 1303 3212 fuiss'e'
1313 3169 1506 3231 quam
1524 3148 1662 3211 esse
1683 3145 1885 3212 nimio
1908 3147 2233 3213 mauelim:

220 3235 408 3302 Nunc
428 3236 576 3318 spes
596 3255 752 3317 opes
773 3233 1134 3318 auxiliaque
1155 3258 1192 3298 a
1209 3258 1311 3299 me
1332 3237 1675 3321 segregant
1693 3239 2131 3319 spernuntque
2147 3259 2230 3301 se.

360 3379 481 3428 497.
520 3370 850 3428 decollabit:
898 3386 1020 3425 corr
1062 3373 1336 3442 ‘quidam’
1391 3375 1544 3443 apud
1578 3372 1754 3428 meb
1789 3376 1809 3442 ΙΙ
1843 3378 2140 3429 498—515.
2177 3375 2240 3441 cf

221 3443 296 3497 ad
323 3444 521 3499 Bacch.
554 3448 653 3497 617
683 3446 701 3510 11
730 3447 851 3498 507.
891 3440 1024 3495 dedi
1049 3444 1133 3498 vel
1160 3443 1228 3497 de
1255 3448 1274 3513 ΙΙ
1302 3448 1421 3499 508.
1458 3446 1787 3513 praeuortor
1821 3444 1905 3500 vel
1933 3446 2188 3499 reuortor

222 3518 340 3567 510.
388 3516 471 3570 del
516 3513 830 3584 Spenyelius
855 3512 873 3581 ΙΙ
901 3517 1021 3567 513.
1068 3527 1195 3568 eum
1232 3530 1331 3569 om.
1369 3514 1643 3586 3111516.
1681 3513 1855 3569 nimio
1896 3515 1980 3570 vel
2013 3531 2176 3570 nemo

219 3587 339 3639 517.
379 3586 751 3654 spernuntque
788 3600 903 3638 me:
941 3599 1062 3639 corr
1102 3583 1214 3639 Gul

1834 3674 1908 3729 68
