2675 3992
332 173 438 233 ‘14
1228 174 1491 230 PLAVTI
1986 176 2038 229 11
2066 184 2117 246 3,
2146 183 2357 234 16—45

342 330 699 417 Accepitne
745 355 972 398 aurum
1017 335 1099 399 ab
1145 334 1404 420 hospite
1449 334 1899 401 Archidemide
1915 335 1949 400 *Ρ
2249 353 2354 403 250

348 419 479 485 GH.
523 420 699 507 HeU,
755 425 866 487 cor
908 445 1121 487 meum
1165 426 1230 487 et
1275 424 1633 509 cerebrum,
1675 423 1741 488 N
1742 423 1995 489 scobule
2004 475 2022 510 ,
2066 423 2353 510 finditur,

344 506 541 573 Istius
585 510 863 575 hominis
900 511 1024 575 -ubi
1067 511 1144 575 fit
1190 533 1509 596 quomque
1556 511 1815 577 montio.

347 596 492 661 'I'un
532 595 857 680 hospitem
901 598 1085 663 illum
1127 599 1422 664 nominas
1466 599 1719 665 hostom
1762 601 1989 665 tuom?

343 682 456 750 NI.
486 683 652 762 Quid
676 686 785 771 ita,
814 688 1078 770 opsecro
1105 685 1367 752 hercle?
1414 686 1543 752 CH.
1573 686 1734 765 Quia
1753 689 1982 772 edepol
2001 692 2175 755 certo
2203 690 2353 775 scio,

342 771 668 838 Volcanus
676 824 694 859 ,
738 774 949 859 Luna,
995 774 1136 860 Sol,
1180 774 1364 859 Dies,
1410 775 1512 839 dei
1560 776 1880 860 quattuor,
2248 795 2351 844 255

347 859 790 927 Scelestiorem
825 863 1085 927 'millum
1128 863 1417 927 inluxere
1465 864 1753 928 alterum.

342 947 458 1013 NI.
504 948 788 1026 Quamne
831 934 1395 1015 Archidemidom‘?
1470 951 1599 1016 CH.
1646 951 2191 1104 ffiffiam,·dinquam,
2236 953 2353 1019 Ar-

1612 1062 1646 1104 c
1759 1063 1885 1105 erm
1929 1063 2046 1105 em.

342 1122 456 1190 NI.
485 1124 651 1202 Quid
665 1125 868 1190 fecit?
915 1125 1044 1191 CH.
1074 1125 1241 1202 Quid
1255 1148 1389 1192 non
1405 1126 1602 1191 fecit?
1640 1128 1796 1213 quin
1821 1133 1894 1193 tu
1912 1129 1981 1193 id
1996 1130 2101 1194 mo
2118 1130 2351 1215 rogas?

344 1211 786 1277 Primumdum
830 1213 1069 1279 infitias
1112 1213 1207 1279 1're
1253 1215 1468 1300 coepit
1511 1214 1669 1302 fssio,

342 1299 599 1386 Negare
646 1323 712 1366 se
759 1301 991 1366 debore
1036 1301 1164 1367 tibi
1208 1303 1581 1368 triobulum.
2246 1322 2351 1372 260

345 1386 663 1453 Continuo
710 1390 1043 1474 antiquom
1082 1398 1091 1467 Ι
1130 1389 1457 1475 hospitem
1499 1395 1792 1456 nostrum
1837 1392 1964 1457 sibi

342 1476 777 1542 Mnesilochus
824 1477 1190 1564 aduocauit,
1234 1478 1625 1565 Pelagonem
1669 1502 1910 1545 senem:

343 1563 444 1628 Eo
490 1567 825 1648 praesente
870 1566 1116 1630 homini
1163 1567 1489 1650 extemplo
1536 1567 1815 1631 ostendit
1860 1568 2244 1653 symbolum,

346 1651 549 1728 Quem
594 1656 733 1716 tute
779 1653 1039 1717 dederas
1086 1654 1167 1717 ad
1211 1675 1358 1718 eum
1402 1658 1476 1717 ut
1519 1654 1717 1718 ferret
1758 1653 1917 1719 fflio.

341 1739 456 1805 NI.
502 1739 691 1824 Quid,
735 1740 851 1805 tibi
897 1740 956 1804 ei
993 1741 1274 1805 ostendit
1309 1739 1714 1826 symbolum?
1787 1740 1917 1806 GH.
1953 1739 2104 1806 Infit
2142 1742 2348 1807 dscere

343 1826 795 1892 Adulterinum
841 1830 906 1891 et
948 1831 1080 1893 non
1127 1850 1274 1893 eum
1318 1850 1455 1893 esse
1500 1828 1896 1911 symbolum:
2244 1846 2347 1895 266

345 1914 640 1998 Quotque
682 1914 1010 1980 innocenti
1055 1915 1114 1980 ei
1160 1915 1325 1980 dixit
1370 1915 1803 1980 contumelias

342 2002 723 2070 Adulterare
769 2026 915 2068 eum
960 2003 1139 2069 aibat
1182 2005 1377 2068 rebus
1422 2004 1668 2069 ceteris

342 2089 455 2155 NI.
500 2091 790 2158 Habetin
833 2093 1102 2157 aurum?
1142 2098 1151 2173 Ι
1190 2092 1257 2157 1'd
1301 2091 1463 2157 mihi
1508 2091 1638 2157 dici
1677 2092 1844 2158 uolo.

345 2178 476 2243 CH.
512 2178 865 2265 Postquom
902 2182 1158 2267 quidem
1193 2185 1454 2266 praetor
1487 2183 1969 2265 recuperatores
2007 2182 2197 2268 dedit,
2244 2200 2349 2248 270

342 2267 699 2333 Damnatus
745 2269 1025 2354 demum,
1071 2269 1144 2335 ui
1185 2274 1441 2335 coactus
1483 2269 1760 2334 reddidit

341 2355 669 2420 Ducentos
715 2360 780 2420 et
823 2358 999 2422 mille
1044 2356 1440 2441 Philippum.
1529 2356 1641 2423 NL
1687 2356 1964 2421 Tantum
2009 2357 2249 2422 debuit.

343 2442 473 2507 GH.
531 2442 732 2507 Porro
779 2443 973 2507 otiam
1019 2446 1307 2509 ausculta
1360 2450 1647 2530 pugnam
1693 2466 1884 2528 quam
1928 2444 2135 2509 uoluit
2181 2445 2346 2509 dare.

337 2529 451 2596 NI.
517 2530 881 2595 Etiamnest
950 2531 1107 2615 quid
1176 2532 1416 2616 porro?
1537 2531 1666 2596 CH.
1739 2518 1895 2616 Em,
1973 2532 2348 2617 accipitrina

1605 2618 1762 2684 haec
1803 2624 1976 2684 minc
2022 2620 2160 2685 erit.

335 2704 449 2770 NI.
486 2704 813 2790 Decoptus
842 2729 1013 2772 sum:
1048 2706 1371 2790 Autolyco
1398 2707 1647 2792 hospiti
1673 2730 1898 2771 aurum
1926 2708 2178 2773 credidi.
2242 2725 2345 2774 275

340 2792 470 2857 GH.
517 2793 686 2869 Quin
719 2798 793 2858 tu
830 2795 1003 2860 audi:
1047 2833 1130 2843 —
1177 2794 1288 2860 NI.
1332 2795 1537 2860 Immo
1584 2795 1914 2881 ingenium
1958 2796 2130 2861 auidi
2173 2797 2347 2861 haud

1603 2905 1946 2968 pernoram
1988 2885 2283 2968 hospitis,

337 2967 469 3034 CH.
523 2969 877 3056 Postquam
931 2976 1158 3036 aurum
1203 2971 1586 3037 abstulimus
1594 3023 1611 3057 ,
1665 2970 1736 3036 1'n
1777 2994 2009 3037 nauem
2053 2974 2345 3038 conscen-

1604 3060 1812 3125 dimus

334 3145 536 3211 Domi
576 3146 922 3232 cupientes
988 3148 1156 3213 forte
1203 3151 1277 3212 ut
1322 3146 1538 3212 adsedi
1580 3147 1653 3212 1'n
1698 3151 1896 3234 stega,

333 3233 510 3299 Dum
556 3235 1046 3321 circumspecto,
1087 3244 1098 3314 Ι
1139 3237 1330 3320 atque
1378 3257 1498 3321 ego
1545 3234 1833 3301 lembum
1878 3236 2214 3319 conspicor

477 3397 596 3445 252.
619 3408 863 3460 quaque:
883 3391 1189 3448 corrLamb
1207 3392 1364 3465 11255.
1387 3391 1473 3445 sol
1488 3391 1648 3446 lunaz
1667 3394 1782 3448 trai
1803 3391 1930 3463 Gwy
1950 3393 1965 3461 Η
1990 3398 2108 3447 268.
2130 3390 2342 3446 aiebat:

334 3476 459 3516 corr
489 3460 618 3533 Gwy
643 3465 663 3531 ΙΙ
689 3468 809 3518 274.
840 3462 1030 3532 accipe
1059 3463 1234 3518 trina:
1262 3480 1384 3519 corr
1403 3462 1575 3520 Herm
1600 3465 1619 3533 [Ι
1646 3469 1766 3519 275.
1795 3462 2058 3519 auiolico:
2088 3478 2208 3519 corr
2228 3461 2306 3518 Ga
2325 3462 2347 3536 Η

333 3537 456 3588 278.
494 3533 744 3591 domum:
782 3550 902 3589 corr
936 3535 1060 3606 Riu
