2675 3992
271 177 381 233 1111
409 184 459 246 4,
491 182 698 233 76-95
1024 244 1033 257 .
1092 173 1492 230 BACGHJDES
2199 173 2287 237 35

275 338 385 405 Oh.
435 338 605 423 Cope
652 337 873 402 stilum
908 358 1184 420 propere
1230 337 1296 400 ot
1331 335 1606 400 tabellas
1650 339 1725 400 tu
1759 336 1877 400 hos
1913 334 2055 400 tibi.
2135 333 2285 401 MN.

1339 422 1506 500 Quid
1548 424 1819 507 postea?

275 513 405 579 GH.
439 513 625 592 Quod
651 512 893 577 iubebo
921 510 1187 576 scribito
1215 510 1388 576 istic:
1414 513 1566 575 nom
1591 516 1936 595 propterea
1963 512 2111 595 (to)
2136 509 2286 575 uolo

274 601 587 685 Scribere,
623 604 697 666 ut
732 602 919 684 pater
954 603 1300 686 cognoscat
1333 598 1602 684 litteras
1641 600 1893 683 quando
1929 600 2122 685 legat.
2184 614 2288 664 730

275 688 516 756 Scribe.
604 687 754 754 MN.
811 687 977 765 Quid
1021 686 1343 753 scribom?
1435 686 1565 752 CH.
1625 686 1911 752 Salutem
1955 690 2069 752 tuo
2114 686 2288 771 patri

1334 775 1557 840 uerbis
1598 775 1746 839 tuis.

274 864 376 931 ΡΙ.
442 863 609 942 Quid
652 864 709 929 si
751 864 973 948 potius
1016 864 1335 948 morbum,
1380 867 1654 927 mortem
1700 861 1981 927 scribat?
2054 863 2147 925 id·
2166 861 2289 926 erit

1333 951 1587 1016 rectius.

279 1039 408 1106 GH.
443 1040 545 1107 No
581 1040 958 1105 interturba.
1004 1039 1236 1124 <MN.>
1261 1036 1400 1103 Iam
1423 1038 1813 1123 imperatum
1838 1038 1909 1103 in
1936 1039 2079 1102 cora.
2104 1037 2288 1102 inest.

1333 1125 1462 1192 GH
1500 1127 1623 1192 Dic
1660 1148 1850 1211 quem
1878 1126 1959 1191 od
1984 1125 2289 1191 modum?

273 1216 423 1283 MN.
471 1215 927 1281 ‘Mnesilochus
984 1213 1258 1279 salutem
1312 1214 1468 1279 dicit
1514 1217 1630 1280 suo
1675 1214 1889 1299 patri?
1980 1212 2109 1279 CH.
2162 1211 2289 1277 Ad-

1337 1302 1546 1367 scribe
1590 1302 1715 1368 hoc
1761 1303 1919 1367 cito:
2187 1316 2291 1368 734

277 1391 648 1476 ‘Chrysalus
682 1390 843 1455 mihi
877 1393 1082 1474 lisque
1120 1411 1372 1475 quaque
1399 1390 1689 1474 loquitur
1713 1411 1832 1455 nec
1858 1391 2047 1468 recto,
2085 1393 2290 1474 pater,

277 1479 441 1558 Quia
465 1479 590 1544 tibi
617 1501 844 1544 aurum
859 1478 1106 1543 reddidi
1137 1482 1201 1543 et
1229 1477 1381 1562 quia
1405 1481 1547 1543 non·
1565 1482 1630 1542 te
1655 1477 2287 1562 <de>fraudaiuerim3

275 1566 377 1634 ΡΙ.
422 1567 611 1633 Mone
648 1568 802 1633 dum
832 1565 1074 1632 scribit.
1154 1566 1283 1632 CH.
1332 1565 1618 1631 Golerem
1652 1570 1910 1651 oportet
1948 1569 2085 1645 osse
2122 1588 2288 1631 ama-

1332 1654 1495 1720 toris
1538 1677 1816 1720 manum.

274 1743 378 1810 ΡΙ.
426 1729 519 1809 At
564 1743 823 1828 quidem
865 1743 1141 1810 herclest
1184 1743 1353 1829 (od)
1398 1743 1801 1827 perdundum
1843 1742 2053 1830 maigis
2099 1764 2292 1826 quam

1335 1831 1418 1895 ad
1460 1831 1876 1897 scribundum
1921 1831 2064 1896 cita.

275 1920 427 1986 MN.
454 1919 774 2003 Loquere:
799 1919 923 1984 hoc
943 1919 1335 2004 scriptumst.
1377 1918 1506 1984 GH.
1528 1919 1755 2002 ‘Nunc‚
1773 1924 1959 2003 pater
1975 1918 2083 2003 mi,
2101 1918 2292 2002 proin

1335 2009 1412 2070 tu
1456 2007 1539 2071 ab
1587 2028 1662 2070 eo
1709 2009 1783 2070 ut
1827 2008 2054 2070 caueos
2098 2005 2242 2090 tibi,

284 2091 749 2177 Sjcophantios
794 2094 1119 2177 conponit,
1163 2097 1391 2156 aurum
1434 2096 1508 2156 ut
1554 2092 1672 2156 abs
1715 2091 1825 2156 ted
1870 2092 2141 2157 auferat:
2188 2109 2292 2159 740

279 2162 371 2246 Είῑ
415 2178 706 2264 profecto
752 2200 820 2243 se
865 2179 1233 2244 oblaturum
1278 2178 1482 2242 dixit?
1571 2180 1763 2262 plane
1809 2177 2175 2244 adscn'bito.

279 2267 430 2333 MN.
475 2265 598 2331 D1‘c
633 2266 839 2331 modo.
920 2265 1050 2332 CH.
1097 2265 1336 2350 ‘Atque
1381 2265 1449 2329 id
1492 2266 1836 2350 pollicetur
1878 2269 1948 2332 so
1993 2266 2293 2332 daturum

1340 2358 1567 2418 aurum
1610 2353 1788 2439 mihi,

283 2442 469 2521 Quod
514 2444 658 2507 dem
705 2441 932 2507 scortis
979 2442 1277 2526 quodque
1321 2442 1392 2506 in
1433 2442 1656 2508 lustris
1691 2442 2004 2507 comedim
2049 2445 2115 2507 et
2149 2464 2292 2508 con-

1339 2533 1650 2616 graecom,
1694 2534 1896 2614 pater.

282 2619 424 2703 Sed,
468 2623 670 2704 pater,
715 2618 862 2683 uide
894 2621 977 2683 no
1015 2618 1140 2683 tibi
1175 2618 1366 2683 hodie
1404 2619 1605 2684 uerba
1641 2619 1774 2683 det:
1820 2621 2057 2703 quaeso
2095 2620 2291 2684 caue?

279 2706 431 2772 MN.
474 2707 766 2791 Loquere
795 2728 1004 2790 porr0.
1068 2706 1198 2771 CH.
1224 2705 1694 2772 Adscri'bedum
1721 2706 1932 2771 etiam.
1995 2706 2145 2774 MN.
2172 2707 2293 2772 Lo-

1339 2817 1534 2879 quere
1581 2795 1736 2879 quid
1772 2795 2049 2860 scribom
2085 2795 2292 2860 modo.

285 2881 414 2948 GH.
463 2880 635 2967 ‘Sod‚
688 2887 899 2968 pater,
956 2883 1128 2968 quod
1170 2883 1528 2967 promisisti
1581 2882 1770 2968 mihi,
1817 2887 1882 2947 te
1929 2905 2163 2968 quaeso
2219 2888 2296 2948 ut

1337 2971 1724 3056 memineriS‚
2191 2988 2294 3037 746

279 3057 383 3124 Ne
426 3057 614 3123 illum
659 3058 977 3143 uerbenis,
1021 3080 1246 3124 uerum
1291 3059 1465 3210 apiud
1497 3062 1574 3174 fi?
1621 3058 1911 3124 ui'nctum
1955 3058 2292 3125 adseruato

1386 3169 1531 3211 om1.

425 3272 543 3323 728.
582 3269 709 3322 tuas
745 3266 898 3337 tibin
927 3272 1044 3323 729.
1078 3268 1191 3323 add
1220 3266 1299 3324 Ga
1324 3269 1344 3338 ΙΙ
1374 3274 1493 3325 732.
1532 3268 1768 3322 mortem
1801 3268 1886 3324 vel
1920 3269 1979 3323 et
2005 3269 2242 3322 mortem
2276 3268 2297 3342 ΙΙ

283 3344 402 3393 733.
448 3336 575 3393 ΜΝ.
615 3337 733 3392 Nez
770 3354 892 3393 corr
934 3337 1014 3392 Ri
1043 3343 1052 3408 Ι
1083 3339 1197 3393 add
1240 3338 1320 3393 Εἰ
1361 3340 1382 3409 ΙΙ
1427 3344 1544 3394 736.
1593 3339 1707 3394 add
1751 3337 1830 3394 Oa
1872 3340 1893 3409 ΙΙ
1938 3344 2057 3394 738.
2110 3339 2295 3407 Atque

279 3408 454 3463 idem:
502 3425 624 3463 corr
659 3408 796 3463 Mne
825 3414 833 3476 Ι
863 3407 1051 3462 hercle
1088 3424 1202 3463 eme
1247 3424 1370 3465 corr
1406 3407 1486 3465 Oa
1515 3415 1524 3471 Ι
1555 3410 1669 3465 add
1705 3408 1784 3464 Ga
1814 3411 1824 3479 Ι
1854 3408 1969 3464 cito
2002 3409 2086 3465 vel
2123 3407 2289 3464 scitoe

280 3494 402 3535 corr
436 3478 609 3534 Herm
642 3481 661 3548 ΙΙ
698 3484 815 3534 740.
862 3480 946 3532 te:
992 3495 1113 3535 corr
1151 3478 1229 3534 Ga
1261 3482 1282 3548 ΙΙ
1321 3485 1438 3535 743.
1485 3480 1544 3537 et
1588 3495 1924 3550 congregem
1967 3483 2297 3552 (congreget

281 3547 476 3620 ΝΟΜ.
515 3565 636 3605 corr
674 3549 752 3604 Oa
776 3552 796 3619 ΙΙ
825 3554 944 3606 745.
980 3549 1108 3604 ΜΝ.
1146 3548 1360 3605 Etiamz
1398 3565 1520 3606 corr
1553 3549 1641 3606 Bo
1667 3553 1688 3621 ΙΙ
1948 3620 1981 3655 ¹·
