2675 3992
316 196 398 250 111
425 202 476 265 3,
499 200 583 251 21.
600 200 808 249 24-48
1125 192 1523 250 BACCHIDES
2240 197 2322 262 21

316 339 489 420 Ante
536 356 738 421 solem
785 354 1178 420 exorientem
1219 353 1349 420 nisi
1390 355 1461 420 1'n
1506 357 1894 439 palaestram
1939 359 2224 443 ueneraS‚

224 458 228 461 “
319 443 626 529 Gjmnasi
669 443 992 527 praefecto
1039 442 1244 507 †haud
1288 443 1627 509 mediocris
1670 468 1914 528 poenas
1956 447 2284 530 ponderes.

318 519 425 597 lbi
469 553 676 615 cursu,
720 530 1020 595 luctando
1038 528 1045 618 Ι
1057 580 1075 613 ‚
1120 531 1322 613 hasta,
1369 531 1560 616 disco,
1604 533 1921 619 pugilatu,
1964 534 2116 618 pila,

318 619 615 685 Soliendo
656 641 792 684 sese
830 619 1212 684 oxercebant
1245 619 1456 705 magis
1493 641 1685 704 quam
1720 625 1932 687 scorto
1969 627 2081 687 aut
2114 623 2326 688 soniis,

316 695 455 795 (ibi
490 730 672 772 suam
706 710 983 772 aetatem
1017 707 1467 792 extendebant,
1499 709 1633 772 non
1658 708 1729 773 in
1751 709 2095 775 latebrosis
2121 710 2327 798 locis.)

319 794 475 869 snde
505 804 581 867 de
608 802 1029 887 hippodromo
1068 805 1135 868 ot
1160 803 1483 887 palaestra
1516 803 1633 868 ubi
1668 805 2024 870 reuenissos
2051 807 2326 893 domum,

320 891 672 957 cincticulo
726 890 1127 975 praecinctus
1178 891 1248 956 in
1307 891 1464 956 sella
1516 892 1690 975 apud
1742 894 2122 979 magistrum
2166 896 2326 960 adsi-

1266 979 1473 1044 deres:
2219 1001 2323 1048 432

319 1066 479 1132 Com
522 1066 763 1132 librum
807 1067 1074 1152 legeroS‚
1118 1065 1174 1131 si
1213 1068 1223 1152 Ι
1263 1088 1459 1131 unam
1501 1068 1898 1151 peccauisses
1944 1067 2274 1155 sffllabam‚

316 1154 535 1220 F1'eret
571 1155 815 1220 corium
850 1156 985 1218 tam
1021 1154 1417 1219 maculosum
1454 1157 1709 1239 quamst
1741 1156 2011 1223 nutricis
2037 1158 2323 1241 pallium.

314 1243 466 1309 MN.
528 1243 807 1327 Propter
850 1264 953 1306 me
989 1241 1147 1307 haec
1188 1264 1362 1307 nunc
1396 1245 1539 1308 meo
1577 1244 1780 1309 sodali
1817 1244 1942 1310 dici
1980 1245 2326 1312 discrucior

1262 1352 1482 1394 miser:
2215 1350 2317 1400 435

315 1406 631 1484 innocens
677 1415 1106 1501 suspicionem
1150 1417 1314 1482 hanc
1359 1417 1633 1482 sustinet
1678 1422 1867 1484 causo.
1909 1443 2066 1486 mea.

313 1507 451 1572 PH.
514 1491 675 1590 Alii,
718 1504 922 1590 Lyde,
969 1510 1142 1570 nunc
1186 1509 1336 1570 sunt
1381 1527 1607 1570 mores.
1714 1507 1846 1572 LY.
1909 1495 1986 1572 id
2029 1508 2323 1593 equidem

1261 1615 1384 1679 ego
1431 1595 1605 1659 certo
1652 1594 1801 1660 scio.

311 1682 483 1749 Nam
530 1681 684 1747 olim
726 1680 953 1766 populi
997 1680 1181 1765 prius
1219 1681 1531 1747 honorem
1576 1683 1873 1767 copiebat
1918 1684 2242 1771 suffrogiQ

372 1772 520 1834 uom
563 1770 873 1856 magistro
921 1770 1251 1835 desinebat
1296 1772 1434 1835 osse
1481 1769 1650 1836 dicto
1697 1771 2061 1837 oboediens.

375 1863 405 1922 t
449 1879 619 1922 nunc
670 1858 850 1941 prius
906 1879 1097 1942 quam
1147 1857 1520 1942 soptuennis
1566 1861 1690 1943 ost,
1744 1859 1801 1924 si
1845 1859 2129 1946 attingas
2175 1866 2321 1925 etim

1259 1968 1454 2009 manu
2211 1965 2317 2014 440

312 2022 663 2114 Extemplo
708 2052 870 2114 puer
914 2032 1288 2116 paodagogo
1334 1996 1557 2096 tabida
1603 2032 1946 2117 dirrumpr't
1991 2040 2200 2118 caput.

316 2119 526 2193 Quom
569 2121 820 2199 patrem
865 2117 1053 2181 adeas
1086 2118 1503 2200 postulatum,
1547 2123 1747 2200 puero
1790 2120 1885 2183 sic
1918 2120 2073 2185 diost
2108 2127 2321 2205 pater:

318 2204 580 2270 ‘Noster
624 2207 781 2287 esto,
826 2203 977 2266 dum
1020 2208 1086 2267 te
1130 2204 1376 2286 poteris
1422 2204 1746 2269 dofensare
1790 2206 2065 2271 iniuria?

313 2291 712 2356 Prouocatur
747 2290 1186 2377 paedagogus:
1232 2291 1379 2356 ‘oho
1418 2314 1611 2357 senex
1647 2292 1922 2357 minuml‘
1952 2295 2140 2378 preti,
2216 2314 2319 2362 444

311 2379 415 2446 Ne
460 2379 710 2465 adtigas
753 2400 1025 2463 puerum
1068 2379 1230 2443 istac
1274 2401 1479 2464 causa,
1527 2381 1778 2465 quando
1824 2381 1977 2446 fecit
2022 2385 2319 2449 strenue?

313 2454 416 2532 †1t
460 2468 768 2554 magister
813 2466 995 2551 quosi
1038 2467 1297 2532 lucerna
1340 2472 1536 2533 uncto
1582 2473 1887 2552 expretus
1929 2470 2146 2537 h‘nteo.

314 2542 456 2620 ltur
498 2556 677 2621 illinc
721 2555 858 2620 iure
906 2555 1092 2620 dicto,
1181 2555 1410 2621 hocine
1455 2555 1560 2621 hic
1604 2559 1796 2641 pacto
1840 2562 2057 2641 potest

313 2629 615 2709 inhibere
662 2644 1004 2728 imperium
1047 2642 1372 2729 magister,
1417 2644 1472 2708 si
1507 2643 1690 2728 ipsus
1726 2644 1972 2729 primus
2009 2648 2322 2732 uapulet‘?

310 2732 460 2797 MN.
524 2717 710 2797 Acris
755 2731 1107 2815 postulatio
1152 2732 1309 2796 haec
1325 2736 1478 2883 liest:
1535 2755 1729 2816 quom
1777 2733 1970 2799 huius
2015 2735 2183 2800 dicta
2228 2737 2319 2801 in-

1257 2820 1322 2884 to
1377 2842 1410 2884 e
1459 2842 1515 2905 0,

310 2906 478 2972 Mira
524 2912 673 2973 sunt
716 2907 784 2972 ni
820 2907 1210 2972 Pistoclerus
1244 2843 1494 2993 Ly'rdugm
1537 2908 1777 2994 pugnis
1823 2911 2131 2975 contudit.
2212 2928 2317 2978 450

310 2995 527 3078 <LY.>
591 2994 717 3060 Sed
771 2995 914 3079 quis
973 2994 1080 3058 hic
1134 2998 1233 3059 est
1300 3017 1491 3079 quem
1549 2998 1865 3061 astantem
1919 2997 2106 3063 uideo
2169 3004 2320 3064 ante

878 3113 887 3123 »
1259 3083 1539 3148 ostium?
1631 3083 1816 3166 [LY.]
1865 3107 1902 3150 0
1945 3085 2322 3172 Philoxene,

308 3170 482 3236 Doos
518 3168 840 3254 propitios
875 3172 977 3234 mo
1014 3170 1228 3235 uidere
1268 3192 1460 3322 quglm
1485 3170 1673 3236 sslum
1701 3172 1953 3259 (haud)
1979 3175 2320 3241 mauellom

1256 3281 1348 3322 mi
1422 3309 1435 3322 .

449 3393 571 3443 42⁷.
615 3385 921 3458 pugillatu:
977 3402 1098 3442 corr
1140 3387 1317 3443 Lamb
1361 3390 1381 3458 ΙΙ
1423 3393 1545 3444 430.
1592 3389 1679 3445 del
1727 3388 1857 3461 Gay
1899 3390 1918 3457 11
1963 3396 2079 3446 433.
2122 3408 2318 3460 pecca-

308 3457 487 3512 uisset
511 3460 532 3526 fl
556 3463 677 3512 438.
705 3456 1008 3526 capiebant
1032 3458 1051 3526 ΙΙ
1076 3464 1197 3513 445.
1237 3458 1523 3527 adtingas:
1563 3476 1685 3515 corr
1729 3478 1798 3516 ex
1832 3460 2018 3516 Nonio
2052 3464 2072 3528 ΙΙ
2104 3467 2227 3517 446.
2264 3462 2318 3516 It

308 3529 394 3584 vel
428 3527 503 3582 Et
537 3529 620 3583 vel
653 3527 720 3581 Id
753 3529 836 3583 vel
870 3526 963 3583 Fit
988 3530 1008 3598 fl
1034 3533 1154 3583 451.
1193 3530 1306 3584 add
1339 3535 1393 3584 et
1426 3530 1514 3584 del
1548 3530 1637 3603 Py
1662 3532 1683 3601 ΙΙ
1710 3537 1830 3588 452.
1866 3531 1981 3587 add
2016 3531 2232 3600 Hermu
