2675 3992
963 950 1282 1026 PRAE
1294 951 1673 1027 FATIO.

444 1246 597 1313 Non
632 1246 1003 1312 dubitamus
1038 1247 1177 1311 fore
1213 1246 1556 1331 plerosque
1595 1247 1706 1330 qui
1734 1260 1880 1312 cum
1907 1247 2325 1313 admiratione

313 1338 508 1436 atque
544 1335 701 1399 adeo
739 1355 885 1399 cum
910 1334 1205 1399 irrisione
1232 1335 1740 1400 animadvertant
1776 1357 1895 1420 per
1919 1336 2085 1401 hanc
2109 1335 2325 1400 Plauti

316 1418 680 1507 editionem,
725 1421 905 1487 cuius
946 1422 1229 1505 primum
1263 1423 1589 1506 specimen
1623 1423 1755 1488 iam
1791 1424 2162 1508 emittimus,
2205 1446 2325 1489 nos

314 1514 568 1576 secutos
627 1532 766 1575 esse
819 1509 1134 1575 rationem
1190 1510 1384 1596 longe
1430 1511 1746 1575 diversam
1806 1512 1889 1576 ab
1946 1535 2020 1577 ea
2079 1534 2232 1596 qua
2260 1517 2325 1577 et

311 1597 918 1664 FLECKEISENVS
899 1620 970 1662 111
1004 1598 1125 1662 hac
1160 1598 1558 1664 bibliotheca
1594 1599 1750 1663 olim
1785 1622 1939 1665 usus
1974 1605 2071 1673 est
2107 1605 2173 1664 et
2207 1622 2326 1665 nos

310 1686 734 1752 RITSCHELII
761 1708 1024 1771 operam
1046 1708 1256 1771 nuper
1272 1687 1605 1752 absolvere
1634 1688 1847 1753 conati
1866 1710 2101 1754 sumus.
2143 1688 2326 1765 Quod

311 1797 445 1840 non
479 1775 622 1840 ideo
658 1776 901 1840 factum
941 1778 1056 1859 est,
1103 1775 1254 1859 quia
1287 1797 1408 1840 nos
1443 1775 1679 1860 prioris
1714 1776 1998 1841 instituti
2033 1777 2324 1841 rationis-

316 1885 441 1947 que
465 1863 1063 1928 RITSCHELIANAE
1083 1863 1578 1946 poenituerit—
1598 1864 1721 1928 etsi
1738 1886 1870 1929 non
1892 1886 2133 1949 paucos
2148 1864 2325 1930 locos

316 1951 488 2035 quod
515 1951 728 2015 minus
753 1955 927 2015 recte
954 1951 1370 2015 tractavimus
1398 1952 1689 2034 poenitet
1718 1974 1868 2017 sane
1895 1991 2000 2037 —,
2037 1952 2149 2017 sed
2177 1953 2327 2036 quia

315 2060 462 2104 cum
499 2038 739 2121 duplex
776 2038 1035 2103 omnino
1072 2039 1238 2103 ratio
1275 2039 1568 2103 adhiberi
1595 2040 1986 2124 probarique
2013 2040 2221 2123 possit
2257 2040 2327 2104 in

316 2126 740 2209 scriptoribus
785 2125 1068 2207 antiquis
1112 2125 1552 2210 restituendis,
1605 2126 1872 2190 alteram
1915 2127 2013 2190 1111
2058 2128 2326 2191 alteram

315 2214 467 2279 huic
503 2212 768 2278 editioni
804 2212 1013 2298 magis
1048 2212 1385 2277 convenire
1430 2212 1799 2277 iudicamus.
1861 2212 2031 2278 Nam
2065 2214 2181 2277 ubi
2218 2236 2325 2297 ap-

316 2305 547 2387 paratu
590 2300 1097 2384 locupletissimo
1142 2300 1523 2383 scriptorem
1565 2299 1985 2365 instruximus
2025 2301 2327 2385 variaque

313 2390 638 2456 variorum
668 2389 739 2453 in
770 2388 1212 2454 emendatione
1243 2389 1621 2472 temptanda
1646 2389 1981 2453 conamina
2007 2389 2327 2473 complexi

316 2501 562 2562 sumuS,
618 2500 749 2542 non
804 2477 943 2542 sine
997 2476 1427 2542 emolumento
1482 2476 1852 2562 putavimus
1901 2482 2329 2562 putamusque

317 2567 512 2632 etiam
547 2567 617 2631 in
642 2565 735 2631 eis
760 2566 919 2631 locis
946 2565 1335 2652 refingendis
1361 2566 1720 2650 periculum
1753 2565 1895 2630 fieri
1921 2588 2129 2651 posse,
2167 2588 2329 2650 quos

313 2676 449 2719 non
477 2654 605 2719 nisi
642 2654 923 2739 exempli
960 2676 1151 2719 causa
1185 2653 1540 2718 ludibunda
1573 2676 1769 2719 manu
1812 2653 1895 2718 ad
1932 2654 2329 2739 integritatis

317 2741 596 2827 speciem
640 2741 868 2807 adduci
915 2742 1266 2828 contingat,
1312 2741 1623 2807 eiusmodi
1670 2741 1865 2807 editio
1912 2764 2056 2807 cum
2093 2742 2185 2808 eis
2220 2764 2329 2826 pa·

316 2835 512 2916 retur,
549 2830 661 2914 qui
698 2830 775 2896 de
811 2830 1273 2915 probabilitate
1311 2829 1706 2894 coniectandi
1742 2830 1871 2913 ipsi
1902 2829 2181 2895 iudicare
2217 2834 2329 2895 aut

315 2918 566 3003 possint
610 2922 723 2982 aut
757 2918 960 2983 velint
997 2939 1283 3002 quosque
1321 2917 1428 2982 vel
1462 2917 1840 3002 imperfecta
1875 2939 2072 3002 opera
2104 2918 2327 3002 iuvari,

319 3007 476 3091 quin
521 3006 716 3071 etiam
762 3006 1088 3071 erroribus
1130 3005 1456 3070 interdum
1500 3006 1581 3070 ad
1619 3027 1841 3070 verum
1886 3006 2328 3090 sincerumque

317 3094 603 3161 converti
655 3116 788 3160 non
842 3094 1030 3178 pauci
1086 3093 1337 3177 experti
1383 3093 1530 3159 sint.
1618 3092 1711 3157 At
1763 3093 1834 3157 in
1881 3093 2004 3158 hac
2049 3093 2328 3159 editione

317 3205 463 3248 cum
498 3181 803 3247 brevitati
841 3181 1225 3246 studendum
1259 3182 1475 3265 fuerit,
1521 3181 1735 3246 omnia
1770 3180 2120 3247 abiecimus
2165 3204 2328 3266 quae

313 3293 448 3337 non
493 3270 650 3336 satis
695 3273 869 3335 certa
909 3269 1014 3334 vel
1057 3269 1271 3335 minus
1317 3270 1547 3334 saltem
1590 3269 1962 3335 verisimilia
2006 3292 2142 3336 esse
2188 3292 2326 3336 cen-

317 3381 584 3424 seamus
657 3357 942 3435 Quorum
985 3379 1285 3444 magnam
1318 3358 1556 3423 molem
1592 3379 1731 3423 esse
1775 3358 1846 3421 in
1889 3358 2011 3424 hoc
2054 3359 2328 3423 maxime

318 3448 630 3532 scriptore
667 3451 734 3511 et
761 3450 1132 3548 temporum
1178 3451 1245 3510 et
1287 3446 1703 3530 histrionum,
1748 3447 2328 3549 grammaticorum,

315 3534 773 3601 librariorum
755 3533 1006 3599 miuriis
1033 3534 1311 3618 pessime
1338 3534 1566 3601 habito
1595 3533 1787 3618 periti
1810 3539 1875 3600 et
1895 3535 2104 3604 sciunt
2120 3557 2330 3620 neque
